<?xml version="1.0" encoding="UTF-8"?><record xmlns="http://www.loc.gov/MARC21/slim" xmlns:cinclude="http://apache.org/cocoon/include/1.0" xmlns:zs="http://www.loc.gov/zing/srw/">
  <leader>00503nz  a2200133n  4500</leader>
  <controlfield tag="001">no2011161302</controlfield>
  <controlfield tag="003">DLC</controlfield>
  <controlfield tag="005">20111020075154.0</controlfield>
  <controlfield tag="008">111018n| acannaabn          |n ana     c</controlfield>
  <datafield tag="010" ind1=" " ind2=" ">
    <subfield code="a">no2011161302</subfield>
  </datafield>
  <datafield tag="035" ind1=" " ind2=" ">
    <subfield code="a">(OCoLC)oca09008868</subfield>
  </datafield>
  <datafield tag="040" ind1=" " ind2=" ">
    <subfield code="a">InU</subfield>
    <subfield code="b">eng</subfield>
    <subfield code="c">InU</subfield>
  </datafield>
  <datafield tag="130" ind1=" " ind2="0">
    <subfield code="a">Snow White and the seven dwarfs.</subfield>
    <subfield code="l">English</subfield>
  </datafield>
  <datafield tag="670" ind1=" " ind2=" ">
    <subfield code="a">Snow White's own story, c2010:</subfield>
    <subfield code="b">t.p. (retrieved [adapted] by Reidulf Molvaer) p. 3 (retelling of the story of Snow White; original version of the tale (printed in 1812); brothers Grimm)</subfield>
  </datafield>
</record>